@article{elby2010epistemological,
  title={Epistemological resources and framing: A cognitive framework for helping teachers interpret and respond to their studentsâ€™ epistemologies},
  author={Elby, Andrew and Hammer, David},
  journal={Personal epistemology in the classroom: Theory, research, and implications for practice},
  volume={4},
  number={1},
  pages={409--434},
  year={2010}
}

@article{hiebert2014power,
  title={The power of evidence: Demonstrating the value of career development services},
  author={Hiebert, Bryan and Magnusson, Kris},
  journal={Career Development Practice in Canada: Perspectives, Principles, and Professionalism},
  pages={489--530},
  year={2014},
  publisher={Lightning Source Inc. La Vergne, TN, USA}
}

@article{kanevsky2014post,
  title={Post-pre assessment of effectiveness of a two-year graduate diploma program offered in a blended format},
  author={Kanevsky, L and Rosati, M and Schwartz, C and Miller, B},
  journal={Unpublished report. Burnaby, BC: Simon Fraser University},
  year={2014}
}

@article{freeman2014active,
  title={Active learning increases student performance in science, engineering, and mathematics},
  author={Freeman, Scott and Eddy, Sarah L and McDonough, Miles and Smith, Michelle K and Okoroafor, Nnadozie and Jordt, Hannah and Wenderoth, Mary Pat},
  journal={Proceedings of the national academy of sciences},
  volume={111},
  number={23},
  pages={8410--8415},
  year={2014},
  publisher={National Acad Sciences}
}

@article{morccol2010methods,
  title={Methods taught in public policy programs: Are quantitative methods still prevalent?},
  author={Mor{\c{c}}{\"o}l, G{\"o}ktug and Ivanova, Nadezda P},
  journal={Journal of Public Affairs Education},
  volume={16},
  number={2},
  pages={255--277},
  year={2010},
  publisher={Taylor \& Francis}
}

@article{gill2013bayesian,
  title={Bayesian analytical methods: A methodological prescription for public administration},
  author={Gill, Jeff and Witko, Christopher},
  journal={Journal of Public Administration Research and Theory},
  volume={23},
  number={2},
  pages={457--494},
  year={2013},
  publisher={Public Management Research Association}
}

@article{fienberg2011bayesian,
  title={Bayesian models and methods in public policy and government settings},
  author={Fienberg, Stephen E},
  year={2011}
}