@article{elby2010epistemological,
  title={Epistemological resources and framing: A cognitive framework for helping teachers interpret and respond to their studentsâ€™ epistemologies},
  author={Elby, Andrew and Hammer, David},
  journal={Personal epistemology in the classroom: Theory, research, and implications for practice},
  volume={4},
  number={1},
  pages={409--434},
  year={2010}
}

@article{hiebert2014power,
  title={The power of evidence: Demonstrating the value of career development services},
  author={Hiebert, Bryan and Magnusson, Kris},
  journal={Career Development Practice in Canada: Perspectives, Principles, and Professionalism},
  pages={489--530},
  year={2014},
  publisher={Lightning Source Inc. La Vergne, TN, USA}
}

@article{kanevsky2014post,
  title={Post-pre assessment of effectiveness of a two-year graduate diploma program offered in a blended format},
  author={Kanevsky, L and Rosati, M and Schwartz, C and Miller, B},
  journal={Unpublished report. Burnaby, BC: Simon Fraser University},
  year={2014}
}